% How to cite webpage: https://tex.stackexchange.com/questions/3587/how-can-i-use-bibtex-to-cite-a-web-page
@misc{TLCdata,
  title = {TLC Trip Record Data},
  author = {{New York City Taxi and Limousine Commission}},
  howpublished = {\url{https://www1.nyc.gov/site/tlc/about/tlc-trip-record-data.page}},
  note = {Accessed: 2022-08-09}
}

@misc{2021-22snowFall,
  title = {Snowfall Reports for Seasonal Year ( 2021 - 2022)},
  author = {{Central New York's Live Weather}},
  howpublished = {\url{http://www.cnyweather.com/wxsnowdetail.php?year=2022}},
  note = {Accessed: 2022-08-12}
}